<record><leader>00000cas a22000007a 4500</leader><controlfield tag="001">21426175</controlfield><controlfield tag="008">900425d19351951nhuwr ne      0    0eng d</controlfield><datafield ind1=" " ind2=" " tag="010"><subfield code="a">sn 90062252 </subfield></datafield><datafield ind1=" " ind2=" " tag="040"><subfield code="a">NVH</subfield><subfield code="b">eng</subfield><subfield code="c">NVH</subfield><subfield code="d">OCLCQ</subfield></datafield><datafield ind1=" " ind2=" " tag="042"><subfield code="a">msc</subfield></datafield><datafield ind1="0" ind2=" " tag="130"><subfield code="a">Rochester observer (Rochester, N.H.)</subfield></datafield><datafield ind1="1" ind2="4" tag="245"><subfield code="a">The Rochester observer.</subfield></datafield><datafield ind1=" " ind2=" " tag="260"><subfield code="a">Rochester, N.H. :</subfield><subfield code="b">Observer Pub. Co.</subfield></datafield><datafield ind1=" " ind2=" " tag="300"><subfield code="a">v.</subfield></datafield><datafield ind1=" " ind2=" " tag="310"><subfield code="a">Weekly</subfield></datafield><datafield ind1="0" ind2=" " tag="362"><subfield code="a">Vol. 1, no. 1 (Sept. 13, 1935)-v. 17, no. 6 (Sept. 26, 1951).</subfield></datafield><datafield ind1=" " ind2=" " tag="580"><subfield code="a">Merged with: Rochester courier (Rochester, N.H. : 1864), and: Newmarket news, to form: Rochester courier Rochester observer Newmarket news.</subfield></datafield><datafield ind1=" " ind2=" " tag="752"><subfield code="a">United States</subfield><subfield code="b">New Hampshire</subfield><subfield code="c">Strafford</subfield><subfield code="d">Rochester.</subfield></datafield><datafield ind1="1" ind2="7" tag="785"><subfield code="t">Rochester courier (Rochester, N.H. : 1864)</subfield><subfield code="w">(DLC)sn 84023734</subfield></datafield><datafield ind1="1" ind2="7" tag="785"><subfield code="t">Newmarket news</subfield></datafield><datafield ind1="1" ind2="7" tag="785"><subfield code="t">Rochester courier Rochester observer Newmarket news</subfield><subfield code="w">(DLC)sn 90062381</subfield></datafield></record>